@article{brown2004toward,
  title={Toward a metabolic theory of ecology},
  author={Brown, James H and Gillooly, James F and Allen, Andrew P and Savage, Van M and West, Geoffrey B},
  journal={Ecology},
  volume={85},
  number={7},
  pages={1771--1789},
  year={2004},
  publisher={Wiley Online Library}
}

@article{savage2004effects,
  title={Effects of body size and temperature on population growth},
  author={Savage, Van M and Gillooly, James F and Brown, James H and West, Geoffrey B and Charnov, Eric L},
  journal={The American Naturalist},
  volume={163},
  number={3},
  pages={429--441},
  year={2004},
  publisher={The University of Chicago Press}
}

@article{allen2006kinetic,
  title={Kinetic effects of temperature on rates of genetic divergence and speciation},
  author={Allen, Andrew P and Gillooly, James F and Savage, Van M and Brown, James H},
  journal={Proceedings of the National Academy of Sciences},
  volume={103},
  number={24},
  pages={9130--9135},
  year={2006},
  publisher={National Acad Sciences}
}

@article{gillooly2001effects,
  title={Effects of size and temperature on metabolic rate},
  author={Gillooly, James F and Brown, James H and West, Geoffrey B and Savage, Van M and Charnov, Eric L},
  journal={science},
  volume={293},
  number={5538},
  pages={2248--2251},
  year={2001},
  publisher={American Association for the Advancement of Science}
}

@article{johnson2004model,
  title={Model selection in ecology and evolution},
  author={Johnson, Jerald B and Omland, Kristian S},
  journal={Trends in ecology \& evolution},
  volume={19},
  number={2},
  pages={101--108},
  year={2004},
  publisher={Elsevier}
}

@article{burnham2004multimodel,
  title={Multimodel inference: understanding AIC and BIC in model selection},
  author={Burnham, Kenneth P and Anderson, David R},
  journal={Sociological methods \& research},
  volume={33},
  number={2},
  pages={261--304},
  year={2004},
  publisher={Sage Publications Sage CA: Thousand Oaks, CA}
}

@article{schwarz1978estimating,
  title={Estimating the dimension of a model},
  author={Schwarz, Gideon and others},
  journal={The annals of statistics},
  volume={6},
  number={2},
  pages={461--464},
  year={1978},
  publisher={Institute of Mathematical Statistics}
}

@article{posada2001selecting,
  title={Selecting the best-fit model of nucleotide substitution},
  author={Posada, David and Crandall, Keith A},
  journal={Systematic biology},
  volume={50},
  number={4},
  pages={580--601},
  year={2001},
  publisher={Society of Systematic Zoology}
}

@article{white2002fitting,
  title={Fitting population models to multiple sources of observed data},
  author={White, Gary C and Lubow, Bruce C},
  journal={The Journal of wildlife management},
  pages={300--309},
  year={2002},
  publisher={JSTOR}
}

@article{callaway1959model,
  title={Model for lattice thermal conductivity at low temperatures},
  author={Callaway, Joseph},
  journal={Physical Review},
  volume={113},
  number={4},
  pages={1046},
  year={1959},
  publisher={APS}
}

@article{della2013thermal,
  title={The thermal dependence of biological traits},
  author={Della, Anthony I and Pawara, Samraat and Savagea, Van M},
  journal={landscape},
  volume={36},
  pages={37},
  year={2013}
}

@article{woodward2014climate,
  title={Climate change and health: on the latest IPCC report},
  author={Woodward, Alistair and Smith, Kirk R and Campbell-Lendrum, Diarmid and Chadee, Dave D and Honda, Yasushi and Liu, Qiyong and Olwoch, Jane and Revich, Boris and Sauerborn, Rainer and Chafe, Zo{\"e} and others},
  journal={The Lancet},
  volume={383},
  number={9924},
  pages={1185--1189},
  year={2014},
  publisher={Elsevier}
}

@article{howden2007adapting,
  title={Adapting agriculture to climate change},
  author={Howden, S Mark and Soussana, Jean-Fran{\c{c}}ois and Tubiello, Francesco N and Chhetri, Netra and Dunlop, Michael and Meinke, Holger},
  journal={Proceedings of the national academy of sciences},
  volume={104},
  number={50},
  pages={19691--19696},
  year={2007},
  publisher={National Acad Sciences}
}

@article{brander2007global,
  title={Global fish production and climate change},
  author={Brander, Keith M},
  journal={Proceedings of the National Academy of Sciences},
  volume={104},
  number={50},
  pages={19709--19714},
  year={2007},
  publisher={National Acad Sciences}
}

@article{prowse2009implications,
  title={Implications of climate change for northern Canada: freshwater, marine, and terrestrial ecosystems},
  author={Prowse, Terry D and Furgal, Chris and Wrona, Fred J and Reist, James D},
  journal={AMBIO: A Journal of the Human Environment},
  volume={38},
  number={5},
  pages={282--290},
  year={2009},
  publisher={BioOne}
}

@article{schoolfield1981non,
  title={Non-linear regression of biological temperature-dependent rate models based on absolute reaction-rate theory},
  author={Schoolfield, RM and Sharpe, PJH and Magnuson, CE},
  journal={Journal of theoretical biology},
  volume={88},
  number={4},
  pages={719--731},
  year={1981},
  publisher={Elsevier}
}

@article{vargha1998kruskal,
  title={The Kruskal-Wallis test and stochastic homogeneity},
  author={Vargha, Andr{\'a}s and Delaney, Harold D},
  journal={Journal of Educational and Behavioral Statistics},
  volume={23},
  number={2},
  pages={170--192},
  year={1998},
  publisher={Sage Publications Sage CA: Los Angeles, CA}
}

@article{ruxton2006unequal,
  title={The unequal variance t-test is an underused alternative to Student's t-test and the Mann--Whitney U test},
  author={Ruxton, Graeme D},
  journal={Behavioral Ecology},
  volume={17},
  number={4},
  pages={688--690},
  year={2006},
  publisher={Oxford University Press}
}

@article{newville2016lmfit,
  title={LMFIT: non-linear least-square minimization and curve-fitting for Python},
  author={Newville, Matthew and Stensitzki, Till and Allen, Daniel B and Rawlik, Michal and Ingargiola, Antonino and Nelson, Andrew},
  journal={Astrophysics Source Code Library},
  year={2016}
}

@article{mckinney2011pandas,
  title={pandas: a foundational Python library for data analysis and statistics},
  author={McKinney, Wes},
  journal={Python for High Performance and Scientific Computing},
  volume={14},
  year={2011}
}

@article{van2011numpy,
  title={The NumPy array: a structure for efficient numerical computation},
  author={Van Der Walt, Stefan and Colbert, S Chris and Varoquaux, Gael},
  journal={Computing in Science \& Engineering},
  volume={13},
  number={2},
  pages={22},
  year={2011},
  publisher={IEEE Computer Society}
}

@article{millman2011python,
  title={Python for scientists and engineers},
  author={Millman, K Jarrod and Aivazis, Michael},
  journal={Computing in Science \& Engineering},
  volume={13},
  number={2},
  pages={9--12},
  year={2011},
  publisher={IEEE}
}

@article{wickham2015dplyr,
  title={dplyr: A grammar of data manipulation},
  author={Wickham, Hadley and Francois, Romain and Henry, Lionel and M{\"u}ller, Kirill and others},
  journal={R package version 0.4},
  volume={3},
  year={2015}
}

@article{wickham2009plyr,
  title={plyr: Tools for splitting, applying and combining data},
  author={Wickham, Hadley},
  journal={R package version 0.1},
  volume={9},
  pages={651},
  year={2009}
}

@book{wickham2016ggplot2,
  title={ggplot2: elegant graphics for data analysis},
  author={Wickham, Hadley},
  year={2016},
  publisher={Springer}
}

@article{wickham2012reshape2,
  title={reshape2: Flexibly reshape data: a reboot of the reshape package},
  author={Wickham, Hadley},
  journal={R package version},
  volume={1},
  number={2},
  year={2012}
}

@article{ratkowsky2005unifying,
  title={Unifying temperature effects on the growth rate of bacteria and the stability of globular proteins},
  author={Ratkowsky, David A and Olley, June and Ross, Tom},
  journal={Journal of theoretical biology},
  volume={233},
  number={3},
  pages={351--362},
  year={2005},
  publisher={Elsevier}
}