@article{williams2012application,
  title={Application of novel PCR-based methods for detection, quantitation, and phylogenetic characterization of Sutterella species in intestinal biopsy samples from children with autism and gastrointestinal disturbances},
  author={Williams, Brent L and Hornig, Mady and Parekh, Tanmay and Lipkin, W Ian},
  journal={MBio},
  volume={3},
  number={1},
  pages={e00261--11},
  year={2012},
  publisher={Am Soc Microbiol}
}
@article{de2014food,
  title={Food allergy and food-based therapies in neurodevelopmental disorders},
  author={De Theije, Caroline GM and Bavelaar, Bas M and Lopes da Silva, Sofia and Korte, Sijmen Mechiel and Olivier, Berend and Garssen, Johan and Kraneveld, Aletta D},
  journal={Pediatric Allergy and Immunology},
  volume={25},
  number={3},
  pages={218--226},
  year={2014},
  publisher={Wiley Online Library}
}
@article{wang2011gut,
  title={Gut flora metabolism of phosphatidylcholine promotes cardiovascular disease},
  author={Wang, Zeneng and Klipfell, Elizabeth and Bennett, Brian J and Koeth, Robert and Levison, Bruce S and DuGar, Brandon and Feldstein, Ariel E and Britt, Earl B and Fu, Xiaoming and Chung, Yoon-Mi and others},
  journal={Nature},
  volume={472},
  number={7341},
  pages={57},
  year={2011},
  publisher={Nature Publishing Group}
}
@article{lynch2016human,
  title={The human intestinal microbiome in health and disease},
  author={Lynch, Susan V and Pedersen, Oluf},
  journal={New England Journal of Medicine},
  volume={375},
  number={24},
  pages={2369--2379},
  year={2016},
  publisher={Mass Medical Soc}
}
@article{qin2010human,
  title={A human gut microbial gene catalogue established by metagenomic sequencing},
  author={Qin, Junjie and Li, Ruiqiang and Raes, Jeroen and Arumugam, Manimozhiyan and Burgdorf, Kristoffer Solvsten and Manichanh, Chaysavanh and Nielsen, Trine and Pons, Nicolas and Levenez, Florence and Yamada, Takuji and others},
  journal={nature},
  volume={464},
  number={7285},
  pages={59},
  year={2010},
  publisher={Nature Publishing Group}
}
@article{schroeder2016signals,
  title={Signals from the gut microbiota to distant organs in physiology and disease},
  author={Schroeder, Bjoern O and B{\"a}ckhed, Fredrik},
  journal={Nature medicine},
  volume={22},
  number={10},
  pages={1079},
  year={2016},
  publisher={Nature Publishing Group}
}
@article{virgin2014virome,
  title={The virome in mammalian physiology and disease},
  author={Virgin, Herbert W},
  journal={Cell},
  volume={157},
  number={1},
  pages={142--150},
  year={2014},
  publisher={Elsevier}
}
@article{duerkop2018murine,
  title={Murine colitis reveals a disease-associated bacteriophage community},
  author={Duerkop, Breck A and Kleiner, Manuel and Paez-Espino, David and Zhu, Wenhan and Bushnell, Brian and Hassell, Brian and Winter, Sebastian E and Kyrpides, Nikos C and Hooper, Lora V},
  journal={Nature microbiology},
  volume={3},
  number={9},
  pages={1023},
  year={2018},
  publisher={Nature Publishing Group}
}
@article{stewart2018temporal,
  title={Temporal development of the gut microbiome in early childhood from the TEDDY study},
  author={Stewart, Christopher J and Ajami, Nadim J and Oâ€™Brien, Jacqueline L and Hutchinson, Diane S and Smith, Daniel P and Wong, Matthew C and Ross, Matthew C and Lloyd, Richard E and Doddapaneni, HarshaVardhan and Metcalf, Ginger A and others},
  journal={Nature},
  volume={562},
  number={7728},
  pages={583},
  year={2018},
  publisher={Nature Publishing Group}
}
@article{tamburini2016microbiome,
  title={The microbiome in early life: implications for health outcomes},
  author={Tamburini, Sabrina and Shen, Nan and Wu, Han Chih and Clemente, Jose C},
  journal={Nature medicine},
  volume={22},
  number={7},
  pages={713},
  year={2016},
  publisher={Nature Publishing Group}
}
@article{ajslev2011childhood,
  title={Childhood overweight after establishment of the gut microbiota: the role of delivery mode, pre-pregnancy weight and early administration of antibiotics},
  author={Ajslev, TA and Andersen, CS and Gamborg, M and S{\o}rensen, TIA and Jess, T},
  journal={International journal of obesity},
  volume={35},
  number={4},
  pages={522},
  year={2011},
  publisher={Nature Publishing Group}
}
@article{stanislawski2018gut,
  title={Gut Microbiota in the First 2 Years of Life and the Association with Body Mass Index at Age 12 in a Norwegian Birth Cohort},
  author={Stanislawski, Maggie A and Dabelea, Dana and Wagner, Brandie D and Iszatt, Nina and Dahl, Cecilie and Sontag, Marci K and Knight, Rob and Lozupone, Catherine A and Eggesb{\o}, Merete},
  journal={mBio},
  volume={9},
  number={5},
  pages={e01751--18},
  year={2018},
  publisher={Am Soc Microbiol}
}
@article{white2013novel,
  title={Novel developmental analyses identify longitudinal patterns of early gut microbiota that affect infant growth},
  author={White, Richard A and Bj{\o}rnholt, J{\o}rgen V and Baird, Donna D and Midtvedt, Tore and Harris, Jennifer R and Pagano, Marcello and Hide, Winston and Rudi, Knut and Moen, Birgitte and Iszatt, Nina and others},
  journal={PLoS computational biology},
  volume={9},
  number={5},
  pages={e1003042},
  year={2013},
  publisher={Public Library of Science}
}
@article{reynolds2017early,
  title={Early life factors that affect allergy development},
  author={Reynolds, Lisa A and Finlay, B Brett},
  journal={Nature Reviews Immunology},
  volume={17},
  number={8},
  pages={518},
  year={2017},
  publisher={Nature Publishing Group}
}
@article{sharon2016central,
  title={The central nervous system and the gut microbiome},
  author={Sharon, Gil and Sampson, Timothy R and Geschwind, Daniel H and Mazmanian, Sarkis K},
  journal={Cell},
  volume={167},
  number={4},
  pages={915--932},
  year={2016},
  publisher={Elsevier}
}
@article{yatsunenko2012human,
  title={Human gut microbiome viewed across age and geography},
  author={Yatsunenko, Tanya and Rey, Federico E and Manary, Mark J and Trehan, Indi and Dominguez-Bello, Maria Gloria and Contreras, Monica and Magris, Magda and Hidalgo, Glida and Baldassano, Robert N and Anokhin, Andrey P and others},
  journal={nature},
  volume={486},
  number={7402},
  pages={222},
  year={2012},
  publisher={Nature Publishing Group}
}
@article{koenig2011succession,
  title={Succession of microbial consortia in the developing infant gut microbiome},
  author={Koenig, Jeremy E and Spor, Aym{\'e} and Scalfone, Nicholas and Fricker, Ashwana D and Stombaugh, Jesse and Knight, Rob and Angenent, Largus T and Ley, Ruth E},
  journal={Proceedings of the National Academy of Sciences},
  volume={108},
  number={Supplement 1},
  pages={4578--4585},
  year={2011},
  publisher={National Acad Sciences}
}
@article{lim2015early,
  title={Early life dynamics of the human gut virome and bacterial microbiome in infants},
  author={Lim, Efrem S and Zhou, Yanjiao and Zhao, Guoyan and Bauer, Irma K and Droit, Lindsay and Ndao, I Malick and Warner, Barbara B and Tarr, Phillip I and Wang, David and Holtz, Lori R},
  journal={Nature medicine},
  volume={21},
  number={10},
  pages={1228},
  year={2015},
  publisher={Nature Publishing Group}
}
@article{liow2011red,
  title={Red Queen: from populations to taxa and communities},
  author={Liow, Lee Hsiang and Van Valen, Leigh and Stenseth, Nils Chr},
  journal={Trends in ecology \& evolution},
  volume={26},
  number={7},
  pages={349--358},
  year={2011},
  publisher={Elsevier}
}
@article{kruger1983bacteriophage,
  title={Bacteriophage survival: multiple mechanisms for avoiding the deoxyribonucleic acid restriction systems of their hosts.},
  author={Kr{\"u}ger, DH and Bickle, Thomas A},
  journal={Microbiological reviews},
  volume={47},
  number={3},
  pages={345},
  year={1983},
  publisher={American Society for Microbiology (ASM)}
}
@article{studier1976samase,
  title={SAMase gene of bacteriophage T3 is responsible for overcoming host restriction.},
  author={Studier, F WILLIAM and Movva, NR},
  journal={Journal of virology},
  volume={19},
  number={1},
  pages={136--145},
  year={1976},
  publisher={Am Soc Microbiol}
}
@article{otsuka2012dmd,
  title={Dmd of bacteriophage T4 functions as an antitoxin against Escherichia coli LsoA and RnlA toxins},
  author={Otsuka, Yuichi and Yonesaki, Tetsuro},
  journal={Molecular microbiology},
  volume={83},
  number={4},
  pages={669--681},
  year={2012},
  publisher={Wiley Online Library}
}
@article{pawluk2016naturally,
  title={Naturally occurring off-switches for CRISPR-Cas9},
  author={Pawluk, April and Amrani, Nadia and Zhang, Yan and Garcia, Bianca and Hidalgo-Reyes, Yurima and Lee, Jooyoung and Edraki, Alireza and Shah, Megha and Sontheimer, Erik J and Maxwell, Karen L and others},
  journal={Cell},
  volume={167},
  number={7},
  pages={1829--1838},
  year={2016},
  publisher={Elsevier}
}
@article{alipanahi2015predicting,
  title={Predicting the sequence specificities of DNA-and RNA-binding proteins by deep learning},
  author={Alipanahi, Babak and Delong, Andrew and Weirauch, Matthew T and Frey, Brendan J},
  journal={Nature biotechnology},
  volume={33},
  number={8},
  pages={831},
  year={2015},
  publisher={Nature Publishing Group}
}
@article{stern2012crispr,
  title={CRISPR targeting reveals a reservoir of common phages associated with the human gut microbiome},
  author={Stern, Adi and Mick, Eran and Tirosh, Itay and Sagy, Or and Sorek, Rotem},
  journal={Genome research},
  pages={gr--138297},
  year={2012},
  publisher={Cold Spring Harbor Lab}
}




